@book{maturileoni,
	title =     {Manuale di fonetica},
	author =    {Federico Albano Leoni, Pietro Maturi},
	publisher = {Carocci editore},
	isbn =      {9788843021277},
	year =      {2002},
	series =    {Universit√† / 357},
	edition =   {3},
	pages={74-76}
}

@book{demauro,
	title =     {Linguistica elementare},
	author =    {De Mauro, Tullio},
	publisher = {Editori Laterza},
	isbn =      {8842069779},
	year =      {1998},
	edition =   {9},
	pages={35-37}
}

@book{serianni,
	title={Grammatica, sintassi, dubbi},
	author={Luca Serianni},
	publisher = {Garzanti Editore},
	isbn =      {8811504880},
	year =      {1997},
	edition =   {2},
	pages={37-38}
}

@book{sensini,
	title={Lo spazio linguistico},
	author={Marcello Sensini},
	volume={A (La riflessione sulla lingua)},
	isbn={9788824724838},
	year={2005},
	edition={10},
	publisher={Arnoldo Mondadori Scuola},
	pages={15-17}
}

@online{elision,
	title = {{Elision - Wikipedia}},
	url = {https://en.wikipedia.org/wiki/Elision},
	urldate = {\today}
}

@online{diaeresis,
	title = {{Diaeresis (prosody) - Wikipedia}},
	url = {https://en.wikipedia.org/wiki/Diaeresis_(prosody)},
	urldate = {\today}
}

@online{synalepha,
	title = {{Synalepha - Wikipedia}},
	url = {https://en.wikipedia.org/wiki/Synalepha},
	urldate = {\today}
}

@online{hapax,
	title = {{Hapax legomenon - Wikipedia}},
	url = {https://en.wikipedia.org/wiki/Hapax_legomenon},
	urldate = {\today}
}

@online{iato,
	title = {{iato in ``Enciclopedia dell'italiano''}},
	url = {http://www.treccani.it/enciclopedia/iato_%28Enciclopedia-dell%27Italiano%29},
	urldate = {\today}
}

@online{embarassing,
	title = {{Embarrassingly parallel - Wikipedia}},
	url = {https://en.wikipedia.org/wiki/Embarrassingly_parallel},
	urldate = {\today}
}

@article{cioni,
	title={RB-tree: un algoritmo per la sillabazione dell'italiano},
	author={Cioni, Lorenzo},
	year={1996},
	publisher={Scuola Normale Superiore. Laboratorio di Linguistica}
}

@article{adsett,
	title={Syllabification rules versus data-driven methods in a language with low syllabic complexity: The case of Italian},
	author={Adsett, Connie R and Marchand, Yannick and Kes, Vlado and others},
	journal={Computer Speech \& Language},
	volume={23},
	number={4},
	pages={444--463},
	year={2009},
	publisher={Elsevier}
}

